@Book{		  Irregular_Graphs,
  author	= {George Karypis, Vipin Kumar},
  title		= {A Fast and High Quality Multilevel Scheme for Partitioning Irregular Graphs},
  publisher	= {SIAM Journal on Scientific Computing 20(1)},
  year		= {1999}
}

@Book{		  BalancedGraphPartitioning,
  author	= {Konstantin Andreev, Harald Räcke},
  title		= {Balanced graph partitioning},
  publisher	= {SPAA '04: Proceedings of the sixteenth annual ACM symposium on Parallelism in algorithms and architectures},
  year		= {2004}
}

@Book{		  Billion_Node_Graph,
  author	= {Lu Wang, Yanghua Xiao, Bin Shao, Haixun Wang},
  title		= {How to Partition a Billion-Node Graph},
  publisher	= {2014 IEEE 30th International Conference on Data Engineering, 2014, pp. 568-579},
  year		= {2014}
}

@Book{		  Metis,
  author	= {George Karypis,Vipin Kumar},
  title		= {METIS: Unstructured graph partitioning and sparse matrix ordering system},
  publisher	= {Technical Report 1997 Department of Computer Science, University of Minnesota},
  year		= {1997}
}

@Book{		   k-way,
  author	= {George Karypis, Vipin Kumar},
  title		= {Multilevel k-way Partitioning Scheme for Irregular Graphs},
  publisher	= {University of Minnesota, Department of Computer Science / Army HPC Research Center},
  year		= {1998}
}

@Book{		   Multi-Constraint,
  author	= {George Karypis, Vipin Kumar},
  title		= {Multilevel Algorithms for Multi-Constraint Graph Partitioning∗},
  publisher	= {University of Minnesota, Department of Computer Science / Army HPC Research Center},
  year		= {1998}
}

@Book{		   Power-Law_Graphs_Partitioning,
  author	= {Abou-Rjeili, A. and Karypis, George},
  title		= {Multilevel algorithms for partitioning power-law graphs},
  publisher	= {University of Minnesota, Department of Computer Science / Army HPC Research Center},
  year		= {2006}
}

@Book{          GraphChi,
  author      = {Aapo Kyrola, Guy Blelloch, Carlos Guestrin},
  title       = {GraphChi, Large Scale Graph Computation on Just a PC},
  publisher   = {10th USENIX Symposium on Operating Systems Design and Implementation (OSDI ’12)},
  year        = {2012}
}

@Book{          Improving,
  author      ={Dominique LaSalle, Md Mostofa Ali Patwary, Nadathur Satish, Narayanan Sundaram, Pradeep Dubey, George Karypis},
  title       ={Improving Graph Partitioning for Modern Graphs and Architectures},
  publisher   ={University of Minnesota, Department of Computer Science / Parallel Computing Lab, Intel Corporation},
  year        ={2015}
  }
  
@Book{      GPNN,
author={Renjie Liao, Marc Brockschmidt, Daniel Tarlow, Alexander L. Gaunt, Raquel Urtasun, Richard Zemel},
title={Graph Partition Neural Networks for Semi-Supervised Classification},
publisher = {University of Toronto,Uber Advanced Technologies Group,Microsoft Research, Google Brain, Canadian Institute for Advanced Research},
year={2018}
}
